@article{abadi2016,
  title = {{{TensorFlow}}: {{A}} System for Large-Scale Machine Learning},
  author = {Abadi, Mart{\i}n and Barham, Paul and Chen, Jianmin and Chen, Zhifeng and Davis, Andy and Dean, Jeffrey and Devin, Matthieu and Ghemawat, Sanjay and Irving, Geoffrey and Isard, Michael and Kudlur, Manjunath and Levenberg, Josh and Monga, Rajat and Moore, Sherry and Murray, Derek G and Steiner, Benoit and Tucker, Paul and Vasudevan, Vijay and Warden, Pete and Wicke, Martin and Yu, Yuan and Zheng, Xiaoqiang},
  year = {2016},
  journal = {12th USENIX Symposium on Operating Systems Design and Implementation (OSDI 16)},
  pages = {265--283},
  langid = {english}
}

@article{ahirwar2019,
  title = {Application of {{Drone}} in {{Agriculture}}},
  author = {Ahirwar, S. and Swarnkar, R. and Bhukya, S. and Namwade, G.},
  year = {2019},
  month = jan,
  journal = {International Journal of Current Microbiology and Applied Sciences},
  volume = {8},
  number = {01},
  pages = {2500--2505},
  issn = {23197692, 23197706},
  doi = {10.20546/ijcmas.2019.801.264},
  urldate = {2023-04-04},
  langid = {english}
}

@phdthesis{assilian1974,
  title = {Artificial {{Intelligence}} in the {{Controle}} of {{Real Dynamic Systems}}},
  author = {Assilian, Sedrak},
  year = {1974},
  langid = {english},
  school = {Queen Mary University of London}
}

@book{aurelien2022,
  title = {Hands-on Machine Learning with {{Scikit-Learn}}, {{Keras}}, and {{TensorFlow}}},
  author = {Aur{\'e}lien, G{\'e}ron},
  year = {2022},
  publisher = {{O'Reilly Media, Inc.}}
}

@incollection{avci2017,
  title = {Structural {{Damage Detection}} in {{Real Time}}: {{Implementation}} of {{1D Convolutional Neural Networks}} for {{SHM Applications}}},
  shorttitle = {Structural {{Damage Detection}} in {{Real Time}}},
  booktitle = {Structural {{Health Monitoring}} \& {{Damage Detection}}, {{Volume}} 7},
  author = {Avci, Onur and Abdeljaber, Osama and Kiranyaz, Serkan and Inman, Daniel},
  editor = {Niezrecki, Christopher},
  year = {2017},
  pages = {49--54},
  publisher = {{Springer International Publishing}},
  address = {{Cham}},
  doi = {10.1007/978-3-319-54109-9_6},
  urldate = {2023-04-06},
  isbn = {978-3-319-54108-2 978-3-319-54109-9}
}

@article{azimi2020,
  title = {Data-{{Driven Structural Health Monitoring}} and {{Damage Detection}} through {{Deep Learning}}: {{State-of-the-Art Review}}},
  shorttitle = {Data-{{Driven Structural Health Monitoring}} and {{Damage Detection}} through {{Deep Learning}}},
  author = {Azimi, Mohsen and Eslamlou, Armin and Pekcan, Gokhan},
  year = {2020},
  month = may,
  journal = {Sensors},
  volume = {20},
  number = {10},
  pages = {2778},
  issn = {1424-8220},
  doi = {10.3390/s20102778},
  urldate = {2023-04-04},
  langid = {english}
}

@article{baidoo-anu2023,
  title = {Education in the {{Era}} of {{Generative Artificial Intelligence}} ({{AI}}): {{Understanding}} the {{Potential Benefits}} of {{ChatGPT}} in {{Promoting Teaching}} and {{Learning}}},
  shorttitle = {Education in the {{Era}} of {{Generative Artificial Intelligence}} ({{AI}})},
  author = {{Baidoo-Anu}, David and Owusu Ansah, Leticia},
  year = {2023},
  journal = {SSRN Electronic Journal},
  issn = {1556-5068},
  doi = {10.2139/ssrn.4337484},
  urldate = {2023-04-04},
  langid = {english}
}

@inproceedings{baji2018,
  title = {Evolution of the {{GPU Device}} Widely Used in {{AI}} and {{Massive Parallel Processing}}},
  booktitle = {2018 {{IEEE}} 2nd {{Electron Devices Technology}} and {{Manufacturing Conference}} ({{EDTM}})},
  author = {Baji, Toru},
  year = {2018},
  month = mar,
  pages = {7--9},
  publisher = {{IEEE}},
  address = {{Kobe}},
  doi = {10.1109/EDTM.2018.8421507},
  urldate = {2023-04-04},
  isbn = {978-1-5386-3712-8}
}

@book{balageas2010,
  title = {Structural {{Health Monitoring}}},
  author = {Balageas, Daniel and Fritzen, Claus-Peter and G{\"u}emes, Alfredo},
  year = {2010},
  volume = {90},
  publisher = {{John Wiley \& Sons}}
}

@book{bansal,
  title = {{{MATLAB}} and Its Applications in Engineering (Based on {{MATLAB}} 7.5 ({{R2007b}})). - {{Description}} Based on Print Version Record},
  author = {Bansal, Raj Kumar and Goel, Ashok K. and Sharma, Manoj Kumar},
  publisher = {{Dorling Kindersley}},
  address = {{Delhi}},
  isbn = {978-81-317-4207-5},
  langid = {english},
  annotation = {OCLC: 1047831669}
}

@article{biswas2023,
  title = {Potential {{Use}} of {{Chat GPT}} in {{Global Warming}}},
  author = {Biswas, Som S.},
  year = {2023},
  month = mar,
  journal = {Annals of Biomedical Engineering},
  issn = {0090-6964, 1573-9686},
  doi = {10.1007/s10439-023-03171-8},
  urldate = {2023-04-04},
  langid = {english}
}

@article{biswas2023a,
  title = {Role of {{Chat GPT}} in {{Public Health}}},
  author = {Biswas, Som S.},
  year = {2023},
  month = mar,
  journal = {Annals of Biomedical Engineering},
  issn = {0090-6964, 1573-9686},
  doi = {10.1007/s10439-023-03172-7},
  urldate = {2023-04-04},
  langid = {english}
}

@article{brown1962,
  title = {Piezoelectric {{Materials}}, {{A Review}} of {{Progress}}},
  author = {Brown, C. and Kell, R. and Taylor, R. and Thomas, L.},
  year = {1962},
  month = dec,
  journal = {IRE Transactions on Component Parts},
  volume = {9},
  number = {4},
  pages = {193--211},
  issn = {0096-2422},
  doi = {10.1109/TCP.1962.1136768},
  urldate = {2023-04-07},
  langid = {english}
}

@book{bussab2017,
  title = {Estat\'istica {{B\'asica}}},
  author = {Bussab, Wilton de O and Morettin, Pedro A},
  year = {2017},
  publisher = {{Saraiva Uni}}
}

@article{chan-olmsted2019,
  title = {A {{Review}} of {{Artificial Intelligence Adoptions}} in the {{Media Industry}}},
  author = {{Chan-Olmsted}, Sylvia M.},
  year = {2019},
  month = oct,
  journal = {International Journal on Media Management},
  volume = {21},
  number = {3-4},
  pages = {193--215},
  publisher = {{Routledge}},
  issn = {1424-1277},
  doi = {10.1080/14241277.2019.1695619}
}

@article{cohen-almagor2011,
  title = {Internet {{History}}:},
  shorttitle = {Internet {{History}}},
  author = {{Cohen-Almagor}, Raphael},
  year = {2011},
  month = apr,
  journal = {International Journal of Technoethics},
  volume = {2},
  number = {2},
  pages = {45--64},
  issn = {1947-3451, 1947-346X},
  doi = {10.4018/jte.2011040104},
  urldate = {2023-04-04},
  langid = {english}
}

@article{curie1880,
  title = {{D\'eveloppement par compression de l'\'electricit\'e polaire dans les cristaux h\'emi\`edres \`a faces inclin\'ees}},
  author = {Curie, Jacques and Curie, Pierre},
  year = {1880},
  journal = {Bulletin de la Soci\'et\'e min\'eralogique de France},
  volume = {3},
  number = {4},
  pages = {90--93},
  issn = {0150-9640},
  doi = {10.3406/bulmi.1880.1564},
  urldate = {2023-04-07},
  langid = {french}
}

@article{dadafshar2014,
  title = {Accelerometer and {{Gyroscopes Sensors}}: {{Operation}}, {{Sensing}}, and {{Applications}}},
  author = {Dadafshar, Majid},
  year = {2014},
  journal = {Maxim Integrated [online]},
  langid = {english}
}

@article{darken1991,
  title = {Towards {{Faster Stochastic Gradient Search}}},
  author = {Darken, Christian and Moody, John E},
  year = {1991},
  volume = {4},
  langid = {english},
  annotation = {Journal: Advances in neural information processing systems}
}

@article{davenport2019,
  title = {The Potential for Artificial Intelligence in Healthcare},
  author = {Davenport, Thomas and Kalakota, Ravi},
  year = {2019},
  month = jun,
  journal = {Future Healthcare Journal},
  volume = {6},
  number = {2},
  pages = {94--98},
  issn = {2514-6645, 2514-6653},
  doi = {10.7861/futurehosp.6-2-94},
  urldate = {2023-04-05},
  langid = {english}
}

@article{delcerro2021,
  title = {Unmanned {{Aerial Vehicles}} in {{Agriculture}}: {{A Survey}}},
  shorttitle = {Unmanned {{Aerial Vehicles}} in {{Agriculture}}},
  author = {{del Cerro}, Jaime and Cruz Ulloa, Christyan and Barrientos, Antonio and {de Le{\'o}n Rivas}, Jorge},
  year = {2021},
  month = jan,
  journal = {Agronomy},
  volume = {11},
  number = {2},
  pages = {203},
  issn = {2073-4395},
  doi = {10.3390/agronomy11020203},
  urldate = {2023-04-19},
  langid = {english}
}

@book{demirkaya2009,
  title = {Image Processing with {{MATLAB}}: Applications in Medicine and Biology},
  shorttitle = {Image Processing with {{MATLAB}}},
  author = {Demirkaya, Omer and Asyali, Musa Hakan and Sahoo, Prasanna},
  year = {2009},
  publisher = {{CRC Press}},
  address = {{Boca Raton}},
  isbn = {978-0-8493-9246-7},
  lccn = {R857.O6 D46 2009},
  keywords = {Diagnostic Imaging,{Image Interpretation, Computer-Assisted},{Image Processing, Computer-Assisted},Imaging systems in medicine,MATLAB,methods,Software},
  annotation = {OCLC: 144565900}
}

@article{duan2019,
  title = {Artificial Intelligence for Decision Making in the Era of {{Big Data}} \textendash{} Evolution, Challenges and Research Agenda},
  author = {Duan, Yanqing and Edwards, John S. and Dwivedi, Yogesh K},
  year = {2019},
  month = oct,
  journal = {International Journal of Information Management},
  volume = {48},
  pages = {63--71},
  issn = {02684012},
  doi = {10.1016/j.ijinfomgt.2019.01.021},
  urldate = {2023-04-04},
  langid = {english}
}

@article{farrar2007,
  title = {An Introduction to Structural Health Monitoring},
  author = {Farrar, Charles R and Worden, Keith},
  year = {2007},
  month = feb,
  journal = {Philosophical Transactions of the Royal Society A: Mathematical, Physical and Engineering Sciences},
  volume = {365},
  number = {1851},
  pages = {303--315},
  issn = {1364-503X, 1471-2962},
  doi = {10.1098/rsta.2006.1928},
  urldate = {2023-04-06},
  langid = {english}
}

@book{farrar2012,
  title = {Structural Health Monitoring: A Machine Learning Perspective},
  author = {Farrar, Charles R and Worden, Keith},
  year = {2012},
  publisher = {{John Wiley \& Sons}}
}

@article{feng2018,
  title = {Computer Vision for {{SHM}} of Civil Infrastructure: {{From}} Dynamic Response Measurement to Damage Detection \textendash{} {{A}} Review},
  shorttitle = {Computer Vision for {{SHM}} of Civil Infrastructure},
  author = {Feng, Dongming and Feng, Maria Q.},
  year = {2018},
  month = feb,
  journal = {Engineering Structures},
  volume = {156},
  pages = {105--117},
  issn = {01410296},
  doi = {10.1016/j.engstruct.2017.11.018},
  urldate = {2023-04-07},
  langid = {english}
}

@book{fossen1994,
  title = {Guidance and Control of Ocean Vehicles},
  author = {Fossen, Thor I.},
  year = {1994},
  publisher = {{Wiley}},
  address = {{Chichester ; New York}},
  isbn = {978-0-471-94113-2},
  lccn = {VK543 .F67 1994},
  keywords = {Remote submersibles,Ship handling,Stability of ships}
}

@article{geronel2023,
  title = {Dynamic Responses Due to the {{Dryden}} Gust of an Autonomous Quadrotor {{UAV}} Carrying a Payload},
  author = {Geronel, R. S. and Botez, R. M. and Bueno, D. D.},
  year = {2023},
  month = jan,
  journal = {The Aeronautical Journal},
  volume = {127},
  number = {1307},
  pages = {116--138},
  issn = {0001-9240, 2059-6464},
  doi = {10.1017/aer.2022.35},
  urldate = {2023-04-04},
  langid = {english}
}

@article{ghatrehsamani2023,
  title = {Artificial {{Intelligence Tools}} and {{Techniques}} to {{Combat Herbicide Resistant Weeds}}\textemdash{{A Review}}},
  author = {Ghatrehsamani, Shirin and Jha, Gaurav and Dutta, Writuparna and Molaei, Faezeh and Nazrul, Farshina and Fortin, Mathieu and Bansal, Sangeeta and Debangshi, Udit and Neupane, Jasmine},
  year = {2023},
  month = jan,
  journal = {Sustainability},
  volume = {15},
  number = {3},
  pages = {1843},
  issn = {2071-1050},
  doi = {10.3390/su15031843},
  urldate = {2023-04-05},
  langid = {english}
}

@article{goda2012,
  title = {The {{History}} of {{Storage Systems}}},
  author = {Goda, K. and Kitsuregawa, M.},
  year = {2012},
  month = may,
  journal = {Proceedings of the IEEE},
  volume = {100},
  number = {Special Centennial Issue},
  pages = {1433--1440},
  issn = {0018-9219, 1558-2256},
  doi = {10.1109/JPROC.2012.2189787},
  urldate = {2023-04-04},
  langid = {english}
}

@book{goodfellow2016,
  title = {Deep {{Learning}}},
  author = {Goodfellow, Ian and Bengio, Yoshua and Courville, Aaron},
  year = {2016},
  publisher = {{MIT Press}}
}

@misc{goodman2017,
  title = {Uber {{AI Labs Open Sources Pyro}}, a {{Deep Probabilistic Programming Language}}},
  author = {Goodman},
  year = {2017},
  month = nov,
  journal = {Uber Blog},
  urldate = {2023-05-03},
  howpublished = {https://www.uber.com/en-GR/blog/pyro/}
}

@article{guo2021,
  title = {Artificial Intelligence and Machine Learning in Design of Mechanical Materials},
  author = {Guo, Kai and Yang, Zhenze and Yu, Chi-Hua and Buehler, Markus J.},
  year = {2021},
  journal = {Materials Horizons},
  volume = {8},
  number = {4},
  pages = {1153--1172},
  issn = {2051-6347, 2051-6355},
  doi = {10.1039/D0MH01451F},
  urldate = {2023-04-04},
  langid = {english}
}

@book{haykin1999,
  title = {Neural Networks: A Comprehensive Foundation},
  shorttitle = {Neural Networks},
  author = {Haykin, Simon S.},
  year = {1999},
  edition = {2nd ed},
  publisher = {{Prentice Hall}},
  address = {{Upper Saddle River, N.J}},
  isbn = {978-0-13-273350-2},
  lccn = {QA76.87 .H39 1999},
  keywords = {Neural networks (Computer science)}
}

@article{hubacek2019,
  title = {Exploiting Sports-Betting Market Using Machine Learning},
  author = {Hub{\'a}{\v c}ek, Ond{\v r}ej and {\v S}ourek, Gustav and {\v Z}elezn{\'y}, Filip},
  year = {2019},
  month = apr,
  journal = {International Journal of Forecasting},
  volume = {35},
  number = {2},
  pages = {783--796},
  issn = {01692070},
  doi = {10.1016/j.ijforecast.2019.01.001},
  urldate = {2023-04-04},
  langid = {english}
}

@article{jeble2018,
  title = {Role of {{Big Data}} in {{Decision Making}}},
  author = {Jeble, Shirish and Kumari, Sneha and Patil, Yogesh},
  year = {2018},
  month = jan,
  journal = {Operations and Supply Chain Management: An International Journal},
  pages = {36--44},
  issn = {2579-9363},
  doi = {10.31387/oscm0300198},
  urldate = {2023-04-05},
  langid = {english}
}

@article{jiao2020,
  title = {Piezoelectric {{Sensing Techniques}} in {{Structural Health Monitoring}}: {{A State-of-the-Art Review}}},
  shorttitle = {Piezoelectric {{Sensing Techniques}} in {{Structural Health Monitoring}}},
  author = {Jiao, Pengcheng and Egbe, King-James I. and Xie, Yiwei and Matin Nazar, Ali and Alavi, Amir H.},
  year = {2020},
  month = jul,
  journal = {Sensors},
  volume = {20},
  number = {13},
  pages = {3730},
  issn = {1424-8220},
  doi = {10.3390/s20133730},
  urldate = {2023-04-07},
  langid = {english}
}

@article{kahandawa2012,
  title = {Use of {{FBG Sensors}} for {{SHM}} in {{Aerospace Structures}}},
  author = {Kahandawa, Gayan C. and Epaarachchi, Jayantha and Wang, Hao and Lau, K. T.},
  year = {2012},
  month = sep,
  journal = {Photonic Sensors},
  volume = {2},
  number = {3},
  pages = {203--214},
  issn = {1674-9251, 2190-7439},
  doi = {10.1007/s13320-012-0065-4},
  urldate = {2023-09-04},
  langid = {english}
}

@article{karthick2017,
  title = {Implementation of {{Railway Track Crack Detection}} and {{Protection}}},
  author = {Karthick, N. and Ramalingam, Nagarajan},
  year = {2017},
  month = jun,
  journal = {International Journal Of Engineering And Computer Science},
  doi = {10.18535/ijecs/v6i5.47}
}

@misc{kingma2017,
  title = {Adam: {{A Method}} for {{Stochastic Optimization}}},
  shorttitle = {Adam},
  author = {Kingma, Diederik P. and Ba, Jimmy},
  year = {2017},
  month = jan,
  number = {arXiv:1412.6980},
  eprint = {1412.6980},
  primaryclass = {cs},
  publisher = {{arXiv}},
  urldate = {2023-04-20},
  archiveprefix = {arxiv},
  langid = {english},
  keywords = {Computer Science - Machine Learning}
}

@techreport{kollar2021,
  type = {Preprint},
  title = {Betting Models Using {{AI}}: {{A}} Review on {{ANN}}, {{SVM}}, and {{Markov Chain}}},
  shorttitle = {Betting Models Using {{AI}}},
  author = {Koll{\'a}r, Alad{\'a}r},
  year = {2021},
  month = mar,
  institution = {{Open Science Framework}},
  doi = {10.31219/osf.io/mr2v3},
  urldate = {2023-04-04},
  langid = {english}
}

@article{koscielniak2015,
  title = {{{BIG DATA}} in {{Decision Making Processes}} of {{Enterprises}}},
  author = {Ko{\'s}cielniak, Helena and Puto, Agnieszka},
  year = {2015},
  journal = {Procedia Computer Science},
  volume = {65},
  pages = {1052--1058},
  issn = {18770509},
  doi = {10.1016/j.procs.2015.09.053},
  urldate = {2023-04-05},
  langid = {english}
}

@article{lahmeri2021,
  title = {Artificial {{Intelligence}} for {{UAV-Enabled Wireless Networks}}: {{A Survey}}},
  shorttitle = {Artificial {{Intelligence}} for {{UAV-Enabled Wireless Networks}}},
  author = {Lahmeri, Mohamed-Amine and Kishk, Mustafa A. and Alouini, Mohamed-Slim},
  year = {2021},
  journal = {IEEE Open Journal of the Communications Society},
  volume = {2},
  pages = {1015--1040},
  issn = {2644-125X},
  doi = {10.1109/OJCOMS.2021.3075201},
  urldate = {2023-04-04},
  langid = {english}
}

@book{lee2020,
  title = {Artificial {{Intelligence}} in {{Daily Life}}},
  author = {Lee, Raymond S. T.},
  year = {2020},
  publisher = {{Springer Singapore}},
  address = {{Singapore}},
  doi = {10.1007/978-981-15-7695-9},
  urldate = {2023-04-05},
  isbn = {9789811576942 9789811576959},
  langid = {english}
}

@article{leiner2009,
  title = {A Brief History of the Internet},
  author = {Leiner, Barry M. and Cerf, Vinton G. and Clark, David D. and Kahn, Robert E. and Kleinrock, Leonard and Lynch, Daniel C. and Postel, Jon and Roberts, Larry G. and Wolff, Stephen},
  year = {2009},
  month = oct,
  journal = {ACM SIGCOMM Computer Communication Review},
  volume = {39},
  number = {5},
  pages = {22--31},
  issn = {0146-4833},
  doi = {10.1145/1629607.1629613},
  urldate = {2023-04-04},
  langid = {english}
}

@inproceedings{loveday2000,
  title = {Development of Piezoelectric Transducers for a Railway Integrity Monitoring System},
  booktitle = {{{SPIE}}'s 7th {{Annual International Symposium}} on {{Smart Structures}} and {{Materials}}},
  author = {Loveday, Philip W.},
  editor = {Liu, S.-C.},
  year = {2000},
  month = apr,
  pages = {330--338},
  address = {{Newport Beach, CA}},
  doi = {10.1117/12.383154},
  urldate = {2023-04-08}
}

@article{loyola-gonzalez2019,
  title = {Black-{{Box}} vs. {{White-Box}}: {{Understanding Their Advantages}} and {{Weaknesses From}} a {{Practical Point}} of {{View}}},
  shorttitle = {Black-{{Box}} vs. {{White-Box}}},
  author = {{Loyola-Gonz{\'a}lez}, Octavio},
  year = {2019},
  journal = {IEEE Access},
  volume = {7},
  pages = {154096--154113},
  issn = {2169-3536},
  doi = {10.1109/ACCESS.2019.2949286},
  keywords = {Biological neural networks,Biological system modeling,Black-box,Computational modeling,deep learning,explainable artificial intelligence,Gallium nitride,Machine learning,Mathematical model,Statistical analysis,white-box}
}

@article{lund2023,
  title = {Chatting about {{ChatGPT}}: How May {{AI}} and {{GPT}} Impact Academia and Libraries?},
  shorttitle = {Chatting about {{ChatGPT}}},
  author = {Lund, Brady D. and Wang, Ting},
  year = {2023},
  month = feb,
  journal = {Library Hi Tech News},
  issn = {0741-9058, 0741-9058},
  doi = {10.1108/LHTN-01-2023-0009},
  urldate = {2023-04-04},
  langid = {english}
}

@phdthesis{maio2011,
  type = {{Mestrado em Din\^amica das M\'aquinas e Sistemas}},
  title = {{T\'ecnicas para monitoramento de integridade estrutural usando sensores e atuadores piezoel\'etricos}},
  author = {Maio, Carlos Eduardo Bassi},
  year = {2011},
  month = mar,
  address = {{S\~ao Carlos}},
  doi = {10.11606/D.18.2011.tde-12052011-213014},
  urldate = {2023-04-07},
  langid = {portuguese},
  school = {Universidade de S\~ao Paulo}
}

@article{mccarthy2007,
  title = {What {{Is Artificial Intelligence}}?},
  author = {McCarthy, John},
  year = {2007},
  journal = {Stanford University},
  langid = {english}
}

@article{mcphillips2022,
  title = {Home Delivery of Medications Can Help Improve Access, Especially When Time Is Tight},
  author = {McPhillips, Deidre},
  year = {2022},
  month = dec,
  journal = {CNN Health},
  urldate = {2023-04-19},
  langid = {english}
}

@article{meindl2021,
  title = {The Four Smarts of {{Industry}} 4.0: {{Evolution}} of Ten Years of Research and Future Perspectives},
  shorttitle = {The Four Smarts of {{Industry}} 4.0},
  author = {Meindl, Benjamin and Ayala, N{\'e}stor Fabi{\'a}n and Mendon{\c c}a, Joana and Frank, Alejandro G.},
  year = {2021},
  month = jul,
  journal = {Technological Forecasting and Social Change},
  volume = {168},
  pages = {120784},
  issn = {00401625},
  doi = {10.1016/j.techfore.2021.120784},
  urldate = {2023-09-02},
  langid = {english}
}

@article{mhlanga2020,
  title = {Industry 4.0 in {{Finance}}: {{The Impact}} of {{Artificial Intelligence}} ({{AI}}) on {{Digital Financial Inclusion}}},
  shorttitle = {Industry 4.0 in {{Finance}}},
  author = {Mhlanga, David},
  year = {2020},
  month = jul,
  journal = {International Journal of Financial Studies},
  volume = {8},
  number = {3},
  pages = {45},
  issn = {2227-7072},
  doi = {10.3390/ijfs8030045},
  urldate = {2023-04-05},
  langid = {english}
}

@article{milana2021,
  title = {Artificial Intelligence Techniques in Finance and Financial Markets: {{A}} Survey of the Literature},
  shorttitle = {Artificial Intelligence Techniques in Finance and Financial Markets},
  author = {Milana, Carlo and Ashta, Arvind},
  year = {2021},
  month = may,
  journal = {Strategic Change},
  volume = {30},
  number = {3},
  pages = {189--209},
  issn = {1086-1718, 1099-1697},
  doi = {10.1002/jsc.2403},
  urldate = {2023-04-04},
  langid = {english}
}

@article{muthukrishnan2020,
  title = {Brief {{History}} of {{Artificial Intelligence}}},
  author = {Muthukrishnan, Nikesh and Maleki, Farhad and Ovens, Katie and Reinhold, Caroline and Forghani, Behzad and Forghani, Reza},
  year = {2020},
  month = nov,
  journal = {Neuroimaging Clinics of North America},
  volume = {30},
  number = {4},
  pages = {393--399},
  issn = {10525149},
  doi = {10.1016/j.nic.2020.07.004},
  urldate = {2023-04-04},
  langid = {english}
}

@article{nagayama2007,
  title = {Structural {{Health Monitoring Using Smart Sensors}}},
  author = {Nagayama, Tomonori and Spencer, Billie F.},
  year = {2007},
  month = nov,
  journal = {Newmark Structural Engineering Laboratory Report Series 001},
  publisher = {{Newmark Structural Engineering Laboratory. University of Illinois at Urbana-Champaign.}},
  issn = {1940-9826},
  urldate = {2023-09-04},
  copyright = {Copyright held by the authors. All rights reserved.},
  langid = {english}
}

@book{nesterov2004,
  title = {Introductory Lectures on Convex Optimization: A Basic Course},
  shorttitle = {Introductory Lectures on Convex Optimization},
  author = {Nesterov, IU E.},
  year = {2004},
  series = {Applied Optimization},
  number = {v. 87},
  publisher = {{Kluwer Academic Publishers}},
  address = {{Boston}},
  isbn = {978-1-4020-7553-7},
  lccn = {QA402.5 .N4617 2004},
  keywords = {Convex functions,Mathematical optimization}
}

@book{nielsen2015,
  title = {Neural {{Networks}} and {{Deep Learning}}},
  author = {Nielsen, Michael},
  year = {2015},
  volume = {25},
  publisher = {{Determination press San Francisco, CA, USA}},
  langid = {english}
}

@book{ogata2010,
  title = {Modern Control Engineering},
  author = {Ogata, Katsuhiko},
  year = {2010},
  series = {Prentice-{{Hall}} Electrical Engineering Series. {{Instrumentation}} and Controls Series},
  edition = {5th ed},
  publisher = {{Prentice-Hall}},
  address = {{Boston}},
  isbn = {978-0-13-615673-4},
  langid = {english},
  lccn = {TJ213 .O28 2010},
  keywords = {Automatic control,Control theory}
}

@article{pannu2015,
  title = {Artificial {{Intelligence}} and Its {{Application}} in {{Different Areas}}},
  author = {Pannu, Avneet},
  year = {2015},
  volume = {4},
  number = {10},
  langid = {english}
}

@inproceedings{paszke2019,
  title = {{{PyTorch}}: {{An Imperative Style}}, {{High-Performance Deep Learning Library}}},
  shorttitle = {{{PyTorch}}},
  booktitle = {Advances in {{Neural Information Processing Systems}}},
  author = {Paszke, Adam and Gross, Sam and Massa, Francisco and Lerer, Adam and Bradbury, James and Chanan, Gregory and Killeen, Trevor and Lin, Zeming and Gimelshein, Natalia and Antiga, Luca and Desmaison, Alban and Kopf, Andreas and Yang, Edward and DeVito, Zachary and Raison, Martin and Tejani, Alykhan and Chilamkurthy, Sasank and Steiner, Benoit and Fang, Lu and Bai, Junjie and Chintala, Soumith},
  year = {2019},
  volume = {32},
  publisher = {{Curran Associates, Inc.}},
  urldate = {2023-05-03}
}

@article{pham1998,
  title = {Artificial Intelligence in Engineering},
  author = {Pham, D T and Pham, P T N},
  year = {1998},
  langid = {english}
}

@article{poola2017,
  title = {How {{Artificial Intelligence}} in {{Impacting Real}} Life {{Everyday}}},
  author = {Poola, Indrasen},
  year = {2017},
  journal = {International Journal for Advance Research and Development},
  volume = {2},
  number = {10},
  pages = {96--100},
  publisher = {{IJARnD}},
  langid = {english}
}

@misc{pytorch2019,
  title = {{{PyTorch}} at {{Tesla}} - {{Andrej Karpathy}}, {{Tesla}}},
  author = {{PyTorch}},
  year = {2019},
  month = nov,
  urldate = {2023-05-03}
}

@book{rabunal2006,
  title = {Artificial Neural Networks in Real-Life Applications},
  editor = {Rabunal, Juan Ramon and Dorado, Julian},
  year = {2006},
  publisher = {{Idea Group Pub}},
  address = {{Hershey PA}},
  isbn = {978-1-59140-902-1 978-1-59140-903-8 978-1-59140-904-5},
  langid = {english},
  lccn = {QA76.87 .A78 2006},
  keywords = {Neural networks (Computer science)}
}

@article{ramakrishnan2023,
  title = {Impact of {{COVID-19}} Pandemic on Medicine Supply Chain for Patients with Chronic Diseases: {{Experiences}} of the Community Pharmacists},
  shorttitle = {Impact of {{COVID-19}} Pandemic on Medicine Supply Chain for Patients with Chronic Diseases},
  author = {Ramakrishnan, Manasvini and Poojari, Pooja Gopal and Rashid, Muhammed and Nair, Sreedharan and Pulikkel Chandran, Viji and Thunga, Girish},
  year = {2023},
  month = mar,
  journal = {Clinical Epidemiology and Global Health},
  volume = {20},
  pages = {101243},
  issn = {22133984},
  doi = {10.1016/j.cegh.2023.101243},
  urldate = {2023-04-19},
  langid = {english}
}

@book{raschka2015,
  title = {Python {{Machine Learning}}},
  author = {Raschka, Sebastian},
  year = {2015},
  publisher = {{Packt Publishing Ltd}}
}

@book{raschka2022,
  title = {Machine {{Learning}} with {{PyTorch}} and {{Scikit-Learn}}: {{Develop Machine Learning}} and {{Deep Learning Models}} with {{Python}}},
  author = {Raschka, Sebastian and Liu, Yuxi Hayden and Mirjalili, Vahid and Dzhulgakov, Dmytro},
  year = {2022},
  publisher = {{Packt Publishing Ltd}}
}

@article{ruiz-real2020,
  title = {Artificial {{Intelligence}} in {{Business}} and {{Economics Research}}: {{Trends}} and {{Future}}},
  shorttitle = {{{ARTIFICIAL INTELLIGENCE IN BUSINESS AND ECONOMICS RESEARCH}}},
  author = {{Ruiz-Real}, Jos{\'e} Luis and {Uribe-Toril}, Juan and Torres, Jos{\'e} Antonio and De Pablo, Jaime},
  year = {2020},
  month = oct,
  journal = {Journal of Business Economics and Management},
  volume = {22},
  number = {1},
  pages = {98--117},
  issn = {1611-1699, 2029-4433},
  doi = {10.3846/jbem.2020.13641},
  urldate = {2023-04-05},
  langid = {english}
}

@article{sabato2017,
  title = {Wireless {{MEMS-Based Accelerometer Sensor Boards}} for {{Structural Vibration Monitoring}}: {{A Review}}},
  shorttitle = {Wireless {{MEMS-Based Accelerometer Sensor Boards}} for {{Structural Vibration Monitoring}}},
  author = {Sabato, Alessandro and Niezrecki, Christopher and Fortino, Giancarlo},
  year = {2017},
  month = jan,
  journal = {IEEE Sensors Journal},
  volume = {17},
  number = {2},
  pages = {226--235},
  issn = {1530-437X, 1558-1748, 2379-9153},
  doi = {10.1109/JSEN.2016.2630008},
  urldate = {2023-04-07}
}

@article{sakenabenazer2021,
  title = {Efficient Model for {{IoT}} Based Railway Crack Detection System},
  author = {Sakena Benazer, S. and Sheik Dawood, M. and Karthick Ramanathan, Sulochanan and Saranya, G.},
  year = {2021},
  journal = {Materials Today: Proceedings},
  volume = {45},
  pages = {2789--2792},
  issn = {22147853},
  doi = {10.1016/j.matpr.2020.11.743},
  urldate = {2023-04-08},
  langid = {english}
}

@article{sankarasrinivasan2015,
  title = {Health {{Monitoring}} of {{Civil Structures}} with {{Integrated UAV}} and {{Image Processing System}}},
  author = {Sankarasrinivasan, S. and Balasubramanian, E. and Karthik, K. and Chandrasekar, U. and Gupta, Rishi},
  year = {2015},
  journal = {Procedia Computer Science},
  volume = {54},
  pages = {508--515},
  issn = {18770509},
  doi = {10.1016/j.procs.2015.06.058},
  urldate = {2023-04-07},
  langid = {english}
}

@article{sharma2016,
  title = {Structural {{Health Monitoring Using Image Processing Techniques-A Review}}},
  author = {Sharma, Arabinda and Mehta, Neeraj},
  year = {2016},
  month = aug
}

@article{sivakumar2021,
  title = {A {{Literature Survey}} of {{Unmanned Aerial Vehicle Usage}} for {{Civil Applications}}},
  author = {Sivakumar, Mithra and Tyj, Naga Malleswari},
  year = {2021},
  journal = {Journal of Aerospace Technology and Management},
  volume = {13},
  pages = {e4021},
  issn = {2175-9146},
  doi = {10.1590/jatm.v13.1233},
  urldate = {2023-04-19},
  langid = {english}
}

@incollection{smarsly2007,
  title = {Structural {{Health Monitoring}} Based on {{Artificial Intelligence Techniques}}},
  booktitle = {Computing in {{Civil Engineering}} (2007)},
  author = {Smarsly, Kay and Lehner, Karlheinz and Hartmann, Dietrich},
  year = {2007},
  pages = {111--118}
}

@article{sohn2003,
  title = {A {{Review}} of {{Structural Health Monitoring Literature}} 1996 \textendash{} 200},
  author = {Sohn, Hoon and Farrar, Charles R and Hemez, Francois and Czarnecki, Jerry},
  year = {2003},
  journal = {Los Alamos National Laboratory, USA},
  volume = {1},
  pages = {16},
  publisher = {{Citeseer}},
  langid = {english}
}

@book{stewart2016,
  title = {Calculus},
  author = {Stewart, James},
  year = {2016},
  edition = {EIghth edition},
  publisher = {{Cengage Learning}},
  address = {{Boston, MA, USA}},
  isbn = {978-1-285-74062-1 978-1-305-27176-0},
  lccn = {QA303.2 .S73 2016},
  keywords = {Calculus,Textbooks},
  annotation = {OCLC: ocn892432745}
}

@article{sun2020,
  title = {Review of {{Bridge Structural Health Monitoring Aided}} by {{Big Data}} and {{Artificial Intelligence}}: {{From Condition Assessment}} to {{Damage Detection}}},
  author = {Sun, Limin and Shang, Zhiqiang and Xia, Ye and Bhowmick, Sutanu and Nagarajaiah, Satish},
  year = {2020},
  journal = {Journal of Structural Engineering},
  volume = {146}
}

@article{sutskever2013,
  title = {On the {{Importance}} of {{Initialization}} and {{Momentum}} in {{Deep Learning}}},
  author = {Sutskever, Ilya and Martens, James and Dahl, George and Hinton, Geoffrey},
  year = {2013},
  pages = {1139--1147},
  langid = {english},
  annotation = {booktitle: International conference on machine learning}
}

@misc{tensorflow2018,
  title = {The {{Coca-Cola Company}} Using {{TensorFlow}} for Digital Marketing Campaigns ({{TensorFlow Meets}})},
  author = {{TensorFlow}},
  year = {2018},
  month = aug,
  urldate = {2023-05-26}
}

@article{thiels2015,
  title = {Use of {{Unmanned Aerial Vehicles}} for {{Medical Product Transport}}},
  author = {Thiels, Cornelius A. and Aho, Johnathon M. and Zietlow, Scott P. and Jenkins, Donald H.},
  year = {2015},
  month = mar,
  journal = {Air Medical Journal},
  volume = {34},
  number = {2},
  pages = {104--108},
  issn = {1067991X},
  doi = {10.1016/j.amj.2014.10.011},
  urldate = {2023-04-19},
  langid = {english}
}

@article{tzounis2017,
  title = {Internet of {{Things}} in Agriculture, Recent Advances and Future Challenges},
  author = {Tzounis, Antonis and Katsoulas, Nikolaos and Bartzanas, Thomas and Kittas, Constantinos},
  year = {2017},
  month = dec,
  journal = {Biosystems Engineering},
  volume = {164},
  pages = {31--48},
  issn = {15375110},
  doi = {10.1016/j.biosystemseng.2017.09.007},
  urldate = {2023-04-04},
  langid = {english}
}

@article{verdouw2016,
  title = {Internet of {{Things}} in Agriculture.},
  author = {Verdouw, C. and Wolfert, S. and Tekinerdogan, B.},
  year = {2016},
  month = jan,
  journal = {CABI Reviews},
  volume = {2016},
  pages = {1--12},
  issn = {1749-8848},
  doi = {10.1079/PAVSNNR201611035},
  urldate = {2023-04-04},
  langid = {english}
}

@article{verma2021,
  title = {Artificial Intelligence in Marketing: {{Systematic}} Review and Future Research Direction},
  shorttitle = {Artificial Intelligence in Marketing},
  author = {Verma, Sanjeev and Sharma, Rohit and Deb, Subhamay and Maitra, Debojit},
  year = {2021},
  month = apr,
  journal = {International Journal of Information Management Data Insights},
  volume = {1},
  number = {1},
  pages = {100002},
  issn = {26670968},
  doi = {10.1016/j.jjimei.2020.100002},
  urldate = {2023-04-05},
  langid = {english}
}

@article{wang2021,
  title = {{{CNN Explainer}}: {{Learning Convolutional Neural Networks}} with {{Interactive Visualization}}},
  shorttitle = {{{CNN Explainer}}},
  author = {Wang, Zijie J. and Turko, Robert and Shaikh, Omar and Park, Haekyu and Das, Nilaksh and Hohman, Fred and Kahng, Minsuk and Chau, Duen Horng},
  year = {2021},
  month = feb,
  journal = {IEEE Transactions on Visualization and Computer Graphics},
  volume = {27},
  number = {2},
  eprint = {2004.15004},
  primaryclass = {cs},
  pages = {1396--1406},
  issn = {1077-2626, 1941-0506, 2160-9306},
  doi = {10.1109/TVCG.2020.3030418},
  urldate = {2023-05-24},
  archiveprefix = {arxiv},
  langid = {english},
  keywords = {Computer Science - Artificial Intelligence,Computer Science - Computer Vision and Pattern Recognition,Computer Science - Human-Computer Interaction,Computer Science - Machine Learning}
}

@book{winston1992,
  title = {Artificial Intelligence},
  author = {Winston, Patrick Henry},
  year = {1992},
  edition = {3rd ed},
  publisher = {{Addison-Wesley Pub. Co}},
  address = {{Reading, Mass}},
  isbn = {978-0-201-53377-4},
  lccn = {Q335 .W56 1991},
  keywords = {Artificial intelligence}
}

@inproceedings{wu2016,
  title = {On Membership of Black-Box or White-Box of Artificial Neural Network Models},
  booktitle = {2016 {{IEEE}} 11th {{Conference}} on {{Industrial Electronics}} and {{Applications}} ({{ICIEA}})},
  author = {Wu, Z. F. and Li, Jin and Cai, M. Y. and Lin, Y. and Zhang, W. J.},
  year = {2016},
  month = jun,
  pages = {1400--1404},
  issn = {2158-2297},
  doi = {10.1109/ICIEA.2016.7603804},
  keywords = {Acceleration,ANN,Artificial neural networks,Biological system modeling,black-box approach,Context modeling,Force,fuzzy logics,Mathematical model,modelling,Neurons,white-box approach}
}

@article{ye2019,
  title = {A Review on Deep Learning-Based Structural Health Monitoring of Civil Infrastructures},
  author = {Ye, X.W. and Jin, T. and Yun, C.B.},
  year = {2019},
  month = nov,
  journal = {Smart Structures and Systems},
  volume = {24},
  number = {5},
  pages = {567--585},
  doi = {10.12989/SSS.2019.24.5.567},
  urldate = {2023-04-04},
  langid = {english}
}

@article{yu2018,
  title = {Artificial Intelligence in Healthcare},
  author = {Yu, Kun-Hsing and Beam, Andrew L. and Kohane, Isaac S.},
  year = {2018},
  month = oct,
  journal = {Nature Biomedical Engineering},
  volume = {2},
  number = {10},
  pages = {719--731},
  issn = {2157-846X},
  doi = {10.1038/s41551-018-0305-z},
  urldate = {2023-04-05},
  langid = {english}
}

@misc{zotero-38,
  title = {Efficient Model for {{IoT}} Based Railway Crack Detection System | {{Elsevier Enhanced Reader}}},
  doi = {10.1016/j.matpr.2020.11.743},
  urldate = {2023-04-08},
  howpublished = {https://reader.elsevier.com/reader/sd/pii/S2214785320394190?token=52623350B7DB46896396BB46C219097AA34CB47BF12C2FF62D7FB01114E1B816BF025B30AA10AC7B7D03F7195ACFB7B7\&originRegion=us-east-1\&originCreation=20230408050645},
  langid = {english}
}
