@article{nex2014uav,
  title={UAV for 3D mapping applications: a review},
  author={Nex, Francesco and Remondino, Fabio},
  journal={Applied geomatics},
  volume={6},
  number={1},
  year={2014},
  publisher={Springer}
}

@inproceedings{sushant2017localization,
  title={Localization of an unmanned aerial vehicle for crack detection in railway tracks},
  author={Sushant, S and Anand, S and James, Thomas and Aravind, V and Narayanan, Gayathri},
  booktitle={2017 International Conference on Advances in Computing, Communications and Informatics (ICACCI)},
  year={2017},
  organization={IEEE}
}

